%% This BibTeX bibliography file was created using BibDesk.
%% http://bibdesk.sourceforge.net/


%% Created for Matthias Geissb√ºhler at 2011-03-21 13:46:46 +0100 


%% Saved with string encoding Unicode (UTF-8) 



@techreport{atc13,
	Address = {California},
	Author = {{Applied Technology Council}},
	Date-Modified = {2011-03-21 13:46:44 +0100},
	Institution = {Seismic Safety Commission, Applied Technology Council (\textsc{atc})},
	Keywords = {ATC},
	Owner = {oropeza},
	Timestamp = {2008.01.11},
	Title = {{E}arthquake damage evaluation data for {C}alifornia},
	Year = {1985}
	}

@misc{mklformat,
	title = {{Intel MKL} Sparse Format},
	howpublished = {\url{https://software.intel.com/en-us/mkl-developer-reference-c-sparse-blas-csr-matrix-storage-format}},
	note = "[Online; accessed 8-August-2017]"
}
@MISC{Koren091the,
	author = {Yehuda Koren},
	title = {1 The BellKor Solution to the Netflix Grand Prize},
	year = {2009}
}
@misc{netflixgrandprize,
	title = {Netflix Grand Prize},
	howpublished = {\url{http://www.netflixprize.com}},
	note = "[Online; accessed 8-August-2017]"
}
@misc{javacpp,
	title = {JavaCPP},
	howpublished = {\url{https://github.com/bytedeco/javacpp}},
	note = "[Online; accessed 8-August-2017]"
}
